@article{2016Github,
  title={Github: An Introduction},
  author={ Boman, C. A. },
  year={2016},
}


@inproceedings{2012Social,
  title={Social coding in GitHub: transparency and collaboration in an open software repository},
  author={ Herbsleb, James  and  Tsay, J.  and  Stuart, C.  and  Dabbish, L. A. },
  booktitle={CSCW '12 Computer Supported Cooperative Work, Seattle, WA, USA, February 11-15, 2012},
  year={2012},
}